@article{Anderson1936,
author = {Anderson, Edgar},
doi = {10.2307/2394164},
issn = {00266493},
journal = {Annals of the Missouri Botanical Garden},
month = {sep},
number = {3},
pages = {457--469+471--483+485--501+503--509},
title = {{The Species Problem in Iris}},
url = {http://www.jstor.org/stable/2394164?origin=crossref},
volume = {23},
year = {1936}
}
@article{Fisher1936,
author = {FISHER, R. A.},
doi = {10.1111/j.1469-1809.1936.tb02137.x},
issn = {20501420},
journal = {Annals of Eugenics},
month = {sep},
number = {2},
pages = {179--188},
publisher = {Blackwell Publishing Ltd},
title = {{THE USE OF MULTIPLE MEASUREMENTS IN TAXONOMIC PROBLEMS}},
url = {http://doi.wiley.com/10.1111/j.1469-1809.1936.tb02137.x},
volume = {7},
year = {1936}
}
